@inproceedings{lecun1998,
  author  = {Y LeCun and L Bottou and Y Bengio and P Haffner},
  title   = {Gradient-Based Learning Applied to Document Recognition},
  journal = {Proceedings of the IEEE},
  volume  = {86},
  number  = {11},
  pages   = {2278--2324},
  year    = {1998},
  url     = {http://yann.lecun.com/exdb/publis/pdf/cox-98.pdf}
}

 @electronic{dwivedi2018,
  author  = {P Dwivedi},
  title   = {Handwriting Recognition using Tensorflow and Keras},
  journal = {Towards Data Science},
  month   = {jan},
  year    = {2018},
  url     = {https://towardsdatascience.com/handwriting-recognition-using-tensorflow-and-keras-819b36148fe5}
}

@misc{tfr18,
   author = {TensorFlow},
   title = {API r1.8},
   howpublished = {Available at \url{https://www.tensorflow.org/api_docs/python/} (2018/04/28)}
}

@misc{py3,
   author = {Anaconda},
   title = {Anaconda Distribution 5},
   howpublished = {Available at \url{https://docs.anaconda.com/} (2018/04/28)}
}

@misc{keras,
   author = {keras-team},
   title = {Keras Documentation},
   howpublished = {Available at \url{https://keras.io} (2018/04/28)}
}

@misc{h2o,
   author = {{Ambati}, S. and {Click}, C.},
   title = {H2O Documentation},
   howpublished = {Available at \url{https://www.h2o.ai} (2018/04/28)}
}

@inproceedings{sgd2010,
  author = {L Bottou},
  year = 2010,
  title = {Large-Scale Machine Learning with Stochastic Gradient Descent},
  booktitle = {Proceedings of 19th International Conference Computer Statistics},
  pages = {177-186},
  publisher = {Springer},
  address = {Princeton, NJ}
}

@inproceedings{sgd2013,
  author = {I Sutskever and J Martens and G Dahl and G Hinton},
  year = 2013,
  title = {On the Importance of Initialization and Momentum in Deep Learning},
  booktitle = {Proceedings of the 30th International Conference on Machine Learning},
  pages = {1139-1147},
  publisher = {ICML}
}

@book{bishop2006,
  author    = {C M Bishop},
  editors   = {M Jordan and J Kleinberg and B Scholkopf},
  title     = {Pattern Recognition and Machine Learning},
  publisher = {Springer},
  year      = {2006},
  address   = {Cambridge CB3 0FB, U.K.},
  url       = {https://www.springer.com/us/book/9780387310732},
  isbn      = {9780387310732}
}


@book{goodfellow2016,
  author    = {I Goodfellow and Y Bengio and  A Courville},
  editors   = { T Dietterich and M Jordan  and C Bishop  and D Heckerman and M Kearns},
  title     = {Deep Learning },
  publisher = {MIT Press},
  address   = {Cambridge, MA},
  year      = {2016},
  edition   = {1},
  url       = {http://www.deeplearningbook.org},
  isbn      = {9780262035613}
}

@book{bishop2006,
  author    = {C M Bishop},
  editors   = {M Jordan and J Kleinberg and B Scholkopf},
  title     = {Pattern Recognition and Machine Learning},
  publisher = {Springer},
  year      = {2006},
  address   = {Cambridge CB3 0FB, U.K.},
  url       = {https://www.springer.com/us/book/9780387310732},
  isbn      = {9780387310732}
}

@article{xing2016,
  author = {L Xing  and Y Qiao},
  title = "{DeepWriter: A Multi-Stream Deep CNN for Text-independent Writer Identification}",
  journal = {ArXiv e-prints},
  archivePrefix = "arXiv",
  eprint = {1606.06472},
  primaryClass = "cs.CV",
  keywords = {Computer Science - Computer Vision and Pattern Recognition},
  year = 2016,
  month = jun,
  adsurl = {http://adsabs.harvard.edu/abs/2016arXiv160606472X},
  adsnote = {Provided by the SAO/NASA Astrophysics Data System}
}


